<?xml version="1.0" encoding="UTF-8"?><collection xmlns="http://www.loc.gov/MARC21/slim"><record><leader>00538nam--2200181-i-4500</leader><controlfield tag="001">000007030</controlfield><controlfield tag="002">20161230</controlfield><controlfield tag="005">20161230201027</controlfield><controlfield tag="008">060222s1000------------r-----000-0-eng-d</controlfield><datafield ind1=" " ind2=" " tag="040"><subfield code="a">IFIN-HH</subfield></datafield><datafield ind1=" " ind2=" " tag="080"><subfield code="a">539.171.017</subfield></datafield><datafield ind1="1" ind2=" " tag="100"><subfield code="a">Bassichis, W.H</subfield></datafield><datafield ind1="1" ind2="0" tag="245"><subfield code="a">Heavy projectile inelastic scattering above the coulomb barrier</subfield><subfield code="c">W.h. bassichis, a. dar</subfield></datafield><datafield ind1=" " ind2=" " tag="260"><subfield code="a">Rehovoth, Israel</subfield><subfield code="b">Department Of Nuclear Physics</subfield><subfield code="c">/F.An</subfield></datafield><datafield ind1=" " ind2=" " tag="300"><subfield code="a">11 P. + 1 TABL. + 2 FIG</subfield></datafield><datafield ind1="1" ind2=" " tag="700"><subfield code="a">Dar, A</subfield></datafield><datafield ind1=" " ind2=" " tag="852"><subfield code="a">20770</subfield><subfield code="c">539.17</subfield></datafield><datafield ind1=" " ind2=" " tag="CAT"><subfield code="a">Sys</subfield><subfield code="c">20120529</subfield><subfield code="h">161349</subfield></datafield></record></collection>